@ARTICLE{Heggie96,
       author = {{Heggie}, Douglas C. and {Hut}, Piet and {McMillan}, Stephen L.~W.},
        title = "{Binary--Single-Star Scattering. VII. Hard Binary Exchange Cross Sections for Arbitrary Mass Ratios: Numerical Results and Semianalytic FITS}",
      journal = {\apj},
     keywords = {STARS: BINARIES: GENERAL, CELESTIAL MECHANICS, STELLAR DYNAMICS, STARS: PULSARS: GENERAL, STARS: EVOLUTION},
         year = "1996",
        month = "Aug",
       volume = {467},
        pages = {359},
          doi = {10.1086/177611},
       adsurl = {https://ui.adsabs.harvard.edu/abs/1996ApJ...467..359H},
      adsnote = {Provided by the SAO/NASA Astrophysics Data System}
}



@ARTICLE{Kharchenko2013,
       author = {{Kharchenko}, N.~V. and {Piskunov}, A.~E. and {Schilbach}, E. and
         {R{\"o}ser}, S. and {Scholz}, R. -D.},
        title = "{Global survey of star clusters in the Milky Way. II. The catalogue of basic parameters}",
      journal = {\aap},
     keywords = {globular clusters: general, open clusters and associations: general, Galaxy: stellar content, galaxies: photometry, galaxies: fundamental parameters, galaxies: star clusters: general, Astrophysics - Astrophysics of Galaxies},
         year = "2013",
        month = "Oct",
       volume = {558},
          eid = {A53},
        pages = {A53},
          doi = {10.1051/0004-6361/201322302},
archivePrefix = {arXiv},
       eprint = {1308.5822},
 primaryClass = {astro-ph.GA},
       adsurl = {https://ui.adsabs.harvard.edu/abs/2013A&A...558A..53K},
      adsnote = {Provided by the SAO/NASA Astrophysics Data System}
}




@ARTICLE{Piskunov2008,
       author = {{Piskunov}, A.~E. and {Schilbach}, E. and {Kharchenko}, N.~V. and
         {R{\"o}ser}, S. and {Scholz}, R. -D.},
        title = "{Tidal radii and masses of open clusters}",
      journal = {\aap},
     keywords = {Galaxy: open clusters and associations: general, solar neighborhood, Galaxy: stellar content},
         year = "2008",
        month = "Jan",
       volume = {477},
       number = {1},
        pages = {165-172},
          doi = {10.1051/0004-6361:20078525},
       adsurl = {https://ui.adsabs.harvard.edu/abs/2008A&A...477..165P},
      adsnote = {Provided by the SAO/NASA Astrophysics Data System}
}

@ARTICLE{Kroupa01,
       author = {{Kroupa}, Pavel},
        title = "{On the variation of the initial mass function}",
      journal = {\mnras},
     keywords = {BINARIES: GENERAL, STARS: FORMATION, STARS: KINEMATICS, STARS: LUMINOSITY FUNCTION, MASS FUNCTION, GLOBULAR CLUSTERS: GENERAL, OPEN CLUSTERS AND ASSOCIATIONS: GENERAL, Astrophysics},
         year = "2001",
        month = "Apr",
       volume = {322},
       number = {2},
        pages = {231-246},
          doi = {10.1046/j.1365-8711.2001.04022.x},
archivePrefix = {arXiv},
       eprint = {astro-ph/0009005},
 primaryClass = {astro-ph},
       adsurl = {https://ui.adsabs.harvard.edu/abs/2001MNRAS.322..231K},
      adsnote = {Provided by the SAO/NASA Astrophysics Data System}
}



@ARTICLE{Hut1983,
       author = {{Hut}, P.},
        title = "{Binaries as a heat source in stellar dynamics - Release of binding energy}",
      journal = {\apjl},
     keywords = {Binary Stars, Energy Budgets, Energy Transfer, Heat Sources, Stellar Evolution, Stellar Motions, Stellar Systems, Eccentric Orbits, Star Clusters, Stellar Models, Astrophysics},
         year = "1983",
        month = "Sep",
       volume = {272},
        pages = {L29-L33},
          doi = {10.1086/184111},
       adsurl = {https://ui.adsabs.harvard.edu/abs/1983ApJ...272L..29H},
      adsnote = {Provided by the SAO/NASA Astrophysics Data System}
}

@ARTICLE{Heggie1975,
       author = {{Heggie}, D.~C.},
        title = "{Binary evolution in stellar dynamics.}",
      journal = {\mnras},
     keywords = {Binary Stars, Many Body Problem, Stellar Evolution, Equations Of Motion, Kinetic Energy, Numerical Integration, Stellar Motions, Astronomy},
         year = "1975",
        month = "Dec",
       volume = {173},
        pages = {729-787},
          doi = {10.1093/mnras/173.3.729},
       adsurl = {https://ui.adsabs.harvard.edu/abs/1975MNRAS.173..729H},
      adsnote = {Provided by the SAO/NASA Astrophysics Data System}
}



@ARTICLE{Beauge2012,
       author = {{Beaug{\'e}}, C. and {Nesvorn{\'y}}, D.},
        title = "{Multiple-planet Scattering and the Origin of Hot Jupiters}",
      journal = {\apj},
     keywords = {methods: numerical, planets and satellites: general, planet-star interactions, Astrophysics - Earth and Planetary Astrophysics},
         year = "2012",
        month = "Jun",
       volume = {751},
       number = {2},
          eid = {119},
        pages = {119},
          doi = {10.1088/0004-637X/751/2/119},
archivePrefix = {arXiv},
       eprint = {1110.4392},
 primaryClass = {astro-ph.EP},
       adsurl = {https://ui.adsabs.harvard.edu/abs/2012ApJ...751..119B},
      adsnote = {Provided by the SAO/NASA Astrophysics Data System}
}


@ARTICLE{Juric2008,
       author = {{Juri{\'c}}, Mario and {Tremaine}, Scott},
        title = "{Dynamical Origin of Extrasolar Planet Eccentricity Distribution}",
      journal = {\apj},
     keywords = {planetary systems, planetary systems: formation, planets and satellites: general, Astrophysics},
         year = "2008",
        month = "Oct",
       volume = {686},
       number = {1},
        pages = {603-620},
          doi = {10.1086/590047},
archivePrefix = {arXiv},
       eprint = {astro-ph/0703160},
 primaryClass = {astro-ph},
       adsurl = {https://ui.adsabs.harvard.edu/abs/2008ApJ...686..603J},
      adsnote = {Provided by the SAO/NASA Astrophysics Data System}
}

@ARTICLE{Lamers05,
       author = {{Lamers}, H.~J.~G.~L.~M. and {Gieles}, M. and {Portegies Zwart}, S.~F.},
        title = "{Disruption time scales of star clusters in different galaxies}",
      journal = {\aap},
     keywords = {Galaxy: open clusters and associations: general, galaxies: individual: M 33, galaxies: individual: M 51, galaxies: individual: SMC, galaxies: star clusters, Galaxy: globular clusters: general, Astrophysics},
         year = "2005",
        month = "Jan",
       volume = {429},
        pages = {173-179},
          doi = {10.1051/0004-6361:20041476},
archivePrefix = {arXiv},
       eprint = {astro-ph/0408235},
 primaryClass = {astro-ph},
       adsurl = {https://ui.adsabs.harvard.edu/abs/2005A&A...429..173L},
      adsnote = {Provided by the SAO/NASA Astrophysics Data System}
}



@ARTICLE{Chatterjee2008,
       author = {{Chatterjee}, Sourav and {Ford}, Eric B. and {Matsumura}, Soko and
         {Rasio}, Frederic A.},
        title = "{Dynamical Outcomes of Planet-Planet Scattering}",
      journal = {\apj},
     keywords = {instabilities, methods: numerical, planetary systems, planetary systems: formation, scattering, Astrophysics},
         year = "2008",
        month = "Oct",
       volume = {686},
       number = {1},
        pages = {580-602},
          doi = {10.1086/590227},
archivePrefix = {arXiv},
       eprint = {astro-ph/0703166},
 primaryClass = {astro-ph},
       adsurl = {https://ui.adsabs.harvard.edu/abs/2008ApJ...686..580C},
      adsnote = {Provided by the SAO/NASA Astrophysics Data System}
}



@ARTICLE{Rasio1996,
       author = {{Rasio}, Frederic A. and {Ford}, Eric B.},
        title = "{Dynamical instabilities and the formation of extrasolar planetary systems}",
      journal = {Science},
     keywords = {Aerospace Sciences, Computerized Simulation, Planetary Systems, Planets, Solar System, Gravitation, Orbits, Stability, Units Of Measurement, Astrophysics},
         year = "1996",
        month = "Nov",
       volume = {274},
        pages = {954-956},
          doi = {10.1126/science.274.5289.954},
       adsurl = {https://ui.adsabs.harvard.edu/abs/1996Sci...274..954R},
      adsnote = {Provided by the SAO/NASA Astrophysics Data System}
}
@ARTICLE{Fregeau2006,
       author = {{Fregeau}, John M. and {Chatterjee}, Sourav and {Rasio}, Frederic A.},
        title = "{Dynamical Interactions of Planetary Systems in Dense Stellar Environments}",
      journal = {\apj},
     keywords = {Celestial Mechanics, Galaxy: Globular Clusters: General, Methods: n-Body Simulations, Stars: Planetary Systems, Stars: Pulsars: Individual: Alphanumeric: PSR B1620-26, Astrophysics},
         year = "2006",
        month = "Apr",
       volume = {640},
       number = {2},
        pages = {1086-1098},
          doi = {10.1086/500111},
archivePrefix = {arXiv},
       eprint = {astro-ph/0510748},
 primaryClass = {astro-ph},
       adsurl = {https://ui.adsabs.harvard.edu/abs/2006ApJ...640.1086F},
      adsnote = {Provided by the SAO/NASA Astrophysics Data System}
}

@ARTICLE{Larsen09a,
       author = {{Larsen}, S.~S.},
        title = "{The mass function of young star clusters in spiral galaxies}",
      journal = {\aap},
     keywords = {Galaxy: open clusters and associations: general, galaxies: star clusters, galaxies: spiral, Astrophysics},
         year = "2009",
        month = "Feb",
       volume = {494},
       number = {2},
        pages = {539-551},
          doi = {10.1051/0004-6361:200811212},
archivePrefix = {arXiv},
       eprint = {0812.1400},
 primaryClass = {astro-ph},
       adsurl = {https://ui.adsabs.harvard.edu/abs/2009A&A...494..539L},
      adsnote = {Provided by the SAO/NASA Astrophysics Data System}
}



@ARTICLE{Gieles06,
       author = {{Gieles}, M. and {Larsen}, S.~S. and {Scheepmaker}, R.~A. and
         {Bastian}, N. and {Haas}, M.~R. and {Lamers}, H.~J.~G.~L.~M.},
        title = "{Observational evidence for a truncation of the star cluster initial mass function at the high mass end}",
      journal = {\aap},
     keywords = {galaxies: evolution, galaxies: individual: M 51, galaxies: star clusters, globular clusters: general, Astrophysics},
         year = "2006",
        month = "Feb",
       volume = {446},
       number = {2},
        pages = {L9-L12},
          doi = {10.1051/0004-6361:200500224},
archivePrefix = {arXiv},
       eprint = {astro-ph/0512298},
 primaryClass = {astro-ph},
       adsurl = {https://ui.adsabs.harvard.edu/abs/2006A&A...446L...9G},
      adsnote = {Provided by the SAO/NASA Astrophysics Data System}
}



@ARTICLE{Bastian08,
       author = {{Bastian}, N.},
        title = "{On the star formation rate - brightest cluster relation: estimating the peak star formation rate in post-merger galaxies}",
      journal = {\mnras},
     keywords = {galaxies: starburst, galaxies: star clusters, Astrophysics},
         year = "2008",
        month = "Oct",
       volume = {390},
       number = {2},
        pages = {759-768},
          doi = {10.1111/j.1365-2966.2008.13775.x},
archivePrefix = {arXiv},
       eprint = {0807.4687},
 primaryClass = {astro-ph},
       adsurl = {https://ui.adsabs.harvard.edu/abs/2008MNRAS.390..759B},
      adsnote = {Provided by the SAO/NASA Astrophysics Data System}
}



@ARTICLE{Bik03,
       author = {{Bik}, A. and {Lamers}, H.~J.~G.~L.~M. and {Bastian}, N. and
         {Panagia}, N. and {Romaniello}, M.},
        title = "{Clusters in the inner spiral arms of M 51: The cluster IMF and the formation history}",
      journal = {\aap},
     keywords = {galaxies: individual: M 51, galaxies: interactions, galaxies: spiral, galaxies: starburst, galaxies: star clusters, Astrophysics},
         year = "2003",
        month = "Jan",
       volume = {397},
        pages = {473-486},
          doi = {10.1051/0004-6361:20021384},
archivePrefix = {arXiv},
       eprint = {astro-ph/0210594},
 primaryClass = {astro-ph},
       adsurl = {https://ui.adsabs.harvard.edu/abs/2003A&A...397..473B},
      adsnote = {Provided by the SAO/NASA Astrophysics Data System}
}

@ARTICLE{deGrijs03,
       author = {{de Grijs}, R. and {Anders}, P. and {Bastian}, N. and {Lynds}, R. and
         {Lamers}, H.~J.~G.~L.~M. and {O'Neil}, E.~J.},
        title = "{Star cluster formation and evolution in nearby starburst galaxies - II. Initial conditions}",
      journal = {\mnras},
     keywords = {galaxies: individual: NGC3310, galaxies: individual: NGC6745, galaxies: starburst, galaxies: star clusters, Astrophysics},
         year = "2003",
        month = "Aug",
       volume = {343},
       number = {4},
        pages = {1285-1300},
          doi = {10.1046/j.1365-8711.2003.06777.x},
archivePrefix = {arXiv},
       eprint = {astro-ph/0305184},
 primaryClass = {astro-ph},
       adsurl = {https://ui.adsabs.harvard.edu/abs/2003MNRAS.343.1285D},
      adsnote = {Provided by the SAO/NASA Astrophysics Data System}
}

@ARTICLE{McCrady07,
       author = {{McCrady}, Nate and {Graham}, James R.},
        title = "{Super Star Cluster Velocity Dispersions and Virial Masses in the M82 Nuclear Starburst}",
      journal = {\apj},
     keywords = {Galaxies: Individual: Messier Number: M82, Galaxies: Starburst, Galaxies: Star Clusters, Infrared: Galaxies, Astrophysics},
         year = "2007",
        month = "Jul",
       volume = {663},
       number = {2},
        pages = {844-856},
          doi = {10.1086/518357},
archivePrefix = {arXiv},
       eprint = {0704.0478},
 primaryClass = {astro-ph},
       adsurl = {https://ui.adsabs.harvard.edu/abs/2007ApJ...663..844M},
      adsnote = {Provided by the SAO/NASA Astrophysics Data System}
}

@ARTICLE{Zhang99,
       author = {{Zhang}, Qing and {Fall}, S. Michael},
        title = "{The Mass Function of Young Star Clusters in the ``Antennae'' Galaxies}",
      journal = {\apjl},
     keywords = {GALAXIES: INDIVIDUAL: NGC NUMBER: NGC 4038/9, GALAXIES: INTERACTIONS, GALAXIES: STAR CLUSTERS, Galaxies: Individual: NGC Number: NGC 4038/9, Galaxies: Interactions, Galaxies: Star Clusters, Astrophysics},
         year = "1999",
        month = "Dec",
       volume = {527},
       number = {2},
        pages = {L81-L84},
          doi = {10.1086/312412},
archivePrefix = {arXiv},
       eprint = {astro-ph/9911229},
 primaryClass = {astro-ph},
       adsurl = {https://ui.adsabs.harvard.edu/abs/1999ApJ...527L..81Z},
      adsnote = {Provided by the SAO/NASA Astrophysics Data System}
}




@ARTICLE{2009A&A...494..539L,
       author = {{Larsen}, S.~S.},
        title = "{The mass function of young star clusters in spiral galaxies}",
      journal = {\aap},
     keywords = {Galaxy: open clusters and associations: general, galaxies: star clusters, galaxies: spiral, Astrophysics},
         year = "2009",
        month = "Feb",
       volume = {494},
       number = {2},
        pages = {539-551},
          doi = {10.1051/0004-6361:200811212},
archivePrefix = {arXiv},
       eprint = {0812.1400},
 primaryClass = {astro-ph},
       adsurl = {https://ui.adsabs.harvard.edu/abs/2009A&A...494..539L},
      adsnote = {Provided by the SAO/NASA Astrophysics Data System}
}

@ARTICLE{Schechter76,
       author = {{Schechter}, P.},
        title = "{An analytic expression for the luminosity function for galaxies.}",
      journal = {\apj},
         year = "1976",
        month = "Jan",
       volume = {203},
        pages = {297-306},
          doi = {10.1086/154079},
       adsurl = {https://ui.adsabs.harvard.edu/abs/1976ApJ...203..297S},
      adsnote = {Provided by the SAO/NASA Astrophysics Data System}
}





@ARTICLE{2018A&A...619A.155S,
       author = {{Soubiran}, C. and {Cantat-Gaudin}, T. and {Romero-G{\'o}mez}, M. and
         {Casamiquela}, L. and {Jordi}, C. and {Vallenari}, A. and {Antoja}, T. and
         {Balaguer-N{\'u}{\~n}ez}, L. and {Bossini}, D. and {Bragaglia}, A. and
         {Carrera}, R. and {Castro-Ginard}, A. and {Figueras}, F. and
         {Heiter}, U. and {Katz}, D. and {Krone-Martins}, A. and
         {Le Campion}, J. -F. and {Moitinho}, A. and {Sordo}, R.},
        title = "{Open cluster kinematics with Gaia DR2}",
      journal = {\aap},
     keywords = {stars: kinematics and dynamics, Galaxy: kinematics and dynamics, open clusters and associations: general, Astrophysics - Solar and Stellar Astrophysics, Astrophysics - Astrophysics of Galaxies},
         year = "2018",
        month = "Nov",
       volume = {619},
          eid = {A155},
        pages = {A155},
          doi = {10.1051/0004-6361/201834020},
archivePrefix = {arXiv},
       eprint = {1808.01613},
 primaryClass = {astro-ph.SR},
       adsurl = {https://ui.adsabs.harvard.edu/abs/2018A&A...619A.155S},
      adsnote = {Provided by the SAO/NASA Astrophysics Data System}
}




@ARTICLE{Wang2019,
       author = {{Wang}, Yi-Han and {Leigh}, Nathan W.~C. and {Sesana}, Alberto and
         {Perna}, Rosalba},
        title = "{The cosmological distribution of compact object mergers from dynamical interactions with SMBH binaries}",
      journal = {\mnras},
     keywords = {stars: kinematics and dynamics, stars: neutron, galaxy: centre, galaxy: kinematics and dynamics, galaxies: star clusters: general, Astrophysics - Astrophysics of Galaxies, Astrophysics - High Energy Astrophysical Phenomena, Astrophysics - Solar and Stellar Astrophysics},
         year = "2019",
        month = "Dec",
       volume = {490},
       number = {2},
        pages = {2627-2647},
          doi = {10.1093/mnras/stz2780},
archivePrefix = {arXiv},
       eprint = {1906.10142},
 primaryClass = {astro-ph.GA},
       adsurl = {https://ui.adsabs.harvard.edu/abs/2019MNRAS.490.2627W},
      adsnote = {Provided by the SAO/NASA Astrophysics Data System}
}


@ARTICLE{Wang2018,
       author = {{Wang}, Yi-Han and {Leigh}, Nathan and {Yuan}, Ye-Fei and
         {Perna}, Rosalba},
        title = "{The fate of close encounters between binary stars and binary supermassive black holes}",
      journal = {\mnras},
     keywords = {black hole physics, methods: numerical, celestial mechanics, Astrophysics - Astrophysics of Galaxies, Astrophysics - High Energy Astrophysical Phenomena},
         year = "2018",
        month = "Apr",
       volume = {475},
       number = {4},
        pages = {4595-4608},
          doi = {10.1093/mnras/sty107},
archivePrefix = {arXiv},
       eprint = {1710.10671},
 primaryClass = {astro-ph.GA},
       adsurl = {https://ui.adsabs.harvard.edu/abs/2018MNRAS.475.4595W},
      adsnote = {Provided by the SAO/NASA Astrophysics Data System}
}


@ARTICLE{Mikkola1993,
       author = {{Mikkola}, Seppo and {Aarseth}, Sverre J.},
        title = "{An Implementation of N-Body Chain Regularization}",
      journal = {Celestial Mechanics and Dynamical Astronomy},
     keywords = {Celestial Mechanics, Computerized Simulation, Many Body Problem, Orbit Calculation, Particle Motion, Algorithms, Coordinate Transformations, Equations Of Motion, Perturbation, Vectors (Mathematics), Astrophysics, Regularization, Few-body problem, KS-regularization},
         year = "1993",
        month = "Nov",
       volume = {57},
       number = {3},
        pages = {439-459},
          doi = {10.1007/BF00695714},
       adsurl = {https://ui.adsabs.harvard.edu/abs/1993CeMDA..57..439M},
      adsnote = {Provided by the SAO/NASA Astrophysics Data System}
}

@BOOK{Binney1987,
       author = {{Binney}, James and {Tremaine}, Scott},
        title = "{Galactic dynamics}",
         year = "1987",
       adsurl = {https://ui.adsabs.harvard.edu/abs/1987gady.book.....B},
      adsnote = {Provided by the SAO/NASA Astrophysics Data System}
}

@ARTICLE{Olczak2010,
       author = {{Olczak}, C. and {Pfalzner}, S. and {Eckart}, A.},
        title = "{Stellar interactions in dense and sparse star clusters}",
      journal = {\aap},
     keywords = {stellar dynamics, methods: numerical, stars: pre-main sequence, circumstellar matter, Astrophysics - Astrophysics of Galaxies, Astrophysics - Earth and Planetary Astrophysics},
         year = "2010",
        month = "Jan",
       volume = {509},
          eid = {A63},
        pages = {A63},
          doi = {10.1051/0004-6361/200912641},
archivePrefix = {arXiv},
       eprint = {0911.0293},
 primaryClass = {astro-ph.GA},
       adsurl = {https://ui.adsabs.harvard.edu/abs/2010A&A...509A..63O},
      adsnote = {Provided by the SAO/NASA Astrophysics Data System}
}



@ARTICLE{Portegies2015,
       author = {{Portegies Zwart}, S.~F. and {J{\'\i}lkov{\'a}}, Lucie},
        title = "{The fragility of planetary systems}",
      journal = {\mnras},
     keywords = {minor planets, asteroids: general, planets and satellites: dynamical evolution and stability, planets and satellites: individual: Sedna, 2012VP$_{133}$, planet-star interactions, stars: individual: WISE J072003.20-084651.2, Astrophysics - Earth and Planetary Astrophysics},
         year = "2015",
        month = "Jul",
       volume = {451},
       number = {1},
        pages = {144-148},
          doi = {10.1093/mnras/stv877},
archivePrefix = {arXiv},
       eprint = {1504.06354},
 primaryClass = {astro-ph.EP},
       adsurl = {https://ui.adsabs.harvard.edu/abs/2015MNRAS.451..144P},
      adsnote = {Provided by the SAO/NASA Astrophysics Data System}
}

@ARTICLE{Thies2005,
       author = {{Thies}, Ingo and {Kroupa}, Pavel and {Theis}, Christian},
        title = "{Induced planet formation in stellar clusters: a parameter study of star-disc encounters}",
      journal = {\mnras},
     keywords = {stellar dynamics, methods: N-body simulations, Kuiper Belt, minor planets, asteroids, Solar system: formation, open clusters and associations: general, Astrophysics},
         year = "2005",
        month = "Dec",
       volume = {364},
       number = {3},
        pages = {961-970},
          doi = {10.1111/j.1365-2966.2005.09644.x},
archivePrefix = {arXiv},
       eprint = {astro-ph/0510007},
 primaryClass = {astro-ph},
       adsurl = {https://ui.adsabs.harvard.edu/abs/2005MNRAS.364..961T},
      adsnote = {Provided by the SAO/NASA Astrophysics Data System}
}


@ARTICLE{Chatterjee2012,
       author = {{Chatterjee}, Sourav and {Ford}, Eric B. and {Geller}, Aaron M. and
         {Rasio}, Frederic A.},
        title = "{Planets in open clusters detectable by Kepler}",
      journal = {\mnras},
     keywords = {methods: numerical, planets and satellites: detection, planets and satellites: dynamical evolution and stability, planets and satellites: general, open clusters and associations: general, open clusters and associations: individual: NGC 6791, Astrophysics - Earth and Planetary Astrophysics},
         year = "2012",
        month = "Dec",
       volume = {427},
       number = {2},
        pages = {1587-1602},
          doi = {10.1111/j.1365-2966.2012.22057.x},
archivePrefix = {arXiv},
       eprint = {1207.3545},
 primaryClass = {astro-ph.EP},
       adsurl = {https://ui.adsabs.harvard.edu/abs/2012MNRAS.427.1587C},
      adsnote = {Provided by the SAO/NASA Astrophysics Data System}
}



@ARTICLE{Rice2018,
       author = {{Rice}, David R. and {Rasio}, Frederic A. and {Steffen}, Jason H.},
        title = "{Survival of non-coplanar, closely packed planetary systems after a close encounter}",
      journal = {\mnras},
     keywords = {methods: numerical, planets and satellites: dynamical evolution and stability, Astrophysics - Earth and Planetary Astrophysics},
         year = "2018",
        month = "Dec",
       volume = {481},
       number = {2},
        pages = {2205-2212},
          doi = {10.1093/mnras/sty2418},
archivePrefix = {arXiv},
       eprint = {1807.07668},
 primaryClass = {astro-ph.EP},
       adsurl = {https://ui.adsabs.harvard.edu/abs/2018MNRAS.481.2205R},
      adsnote = {Provided by the SAO/NASA Astrophysics Data System}
}



@ARTICLE{Kremer2019,
       author = {{Kremer}, Kyle and {D'Orazio}, Daniel J. and {Samsing}, Johan and
         {Chatterjee}, Sourav and {Rasio}, Frederic A.},
        title = "{Probing the Survival of Planetary Systems in Globular Clusters with Tidal Disruption Events}",
      journal = {\apj},
     keywords = {Stellar mass black holes, Free floating planets, Exoplanets, Globular star clusters, Stellar dynamics, Astrophysics - High Energy Astrophysical Phenomena, Astrophysics - Earth and Planetary Astrophysics},
         year = "2019",
        month = "Nov",
       volume = {885},
       number = {1},
          eid = {2},
        pages = {2},
          doi = {10.3847/1538-4357/ab44d1},
archivePrefix = {arXiv},
       eprint = {1908.06978},
 primaryClass = {astro-ph.HE},
       adsurl = {https://ui.adsabs.harvard.edu/abs/2019ApJ...885....2K},
      adsnote = {Provided by the SAO/NASA Astrophysics Data System}
}



@ARTICLE{Bonnell2001,
       author = {{Bonnell}, Ian A. and {Smith}, Kester W. and {Davies}, Melvyn B. and
         {Horne}, Keith},
        title = "{Planetary dynamics in stellar clusters}",
      journal = {\mnras},
     keywords = {STELLAR DYNAMICS, STARS: FORMATION, PLANETARY SYSTEMS, Astrophysics},
         year = "2001",
        month = "Apr",
       volume = {322},
       number = {4},
        pages = {859-865},
          doi = {10.1046/j.1365-8711.2001.04171.x},
archivePrefix = {arXiv},
       eprint = {astro-ph/0012020},
 primaryClass = {astro-ph},
       adsurl = {https://ui.adsabs.harvard.edu/abs/2001MNRAS.322..859B},
      adsnote = {Provided by the SAO/NASA Astrophysics Data System}
}


@ARTICLE{Davies2001,
       author = {{Davies}, Melvyn B. and {Sigurdsson}, Steinn},
        title = "{Planets in 47 Tuc}",
      journal = {\mnras},
     keywords = {STELLAR DYNAMICS, STARS: EVOLUTION, PLANETARY SYSTEMS, GLOBULAR CLUSTERS: GENERAL, GLOBULAR CLUSTERS: INDIVIDUAL: 47 TUC, Astrophysics},
         year = "2001",
        month = "Jun",
       volume = {324},
       number = {3},
        pages = {612-616},
          doi = {10.1046/j.1365-8711.2001.04336.x},
archivePrefix = {arXiv},
       eprint = {astro-ph/0104336},
 primaryClass = {astro-ph},
       adsurl = {https://ui.adsabs.harvard.edu/abs/2001MNRAS.324..612D},
      adsnote = {Provided by the SAO/NASA Astrophysics Data System}
}


@ARTICLE{Laughlin1998,
       author = {{Laughlin}, Gregory and {Adams}, Fred C.},
        title = "{The Modification of Planetary Orbits in Dense Open Clusters}",
      journal = {\apjl},
     keywords = {GALAXY: OPEN CLUSTERS AND ASSOCIATIONS: GENERAL, STARS: PLANETARY SYSTEMS, STARS: KINEMATICS, Galaxy: Open Clusters and Associations: General, Stars: Planetary Systems, Stars: Kinematics},
         year = "1998",
        month = "Dec",
       volume = {508},
       number = {2},
        pages = {L171-L174},
          doi = {10.1086/311736},
       adsurl = {https://ui.adsabs.harvard.edu/abs/1998ApJ...508L.171L},
      adsnote = {Provided by the SAO/NASA Astrophysics Data System}
}




@ARTICLE{Heggie1996,
       author = {{Heggie}, Douglas C. and {Rasio}, Frederic A.},
        title = "{The Effect of Encounters on the Eccentricity of Binaries in Clusters}",
      journal = {\mnras},
     keywords = {CELESTIAL MECHANICS, STELLAR DYNAMICS, BINARIES: CLOSE, PULSARS: GENERAL, GLOBULAR CLUSTERS: GENERAL, Astrophysics},
         year = "1996",
        month = "Oct",
       volume = {282},
       number = {3},
        pages = {1064-1084},
          doi = {10.1093/mnras/282.3.1064},
archivePrefix = {arXiv},
       eprint = {astro-ph/9506082},
 primaryClass = {astro-ph},
       adsurl = {https://ui.adsabs.harvard.edu/abs/1996MNRAS.282.1064H},
      adsnote = {Provided by the SAO/NASA Astrophysics Data System}
}

@ARTICLE{Hamers2017,
       author = {{Hamers}, Adrian S. and {Antonini}, Fabio and {Lithwick}, Yoram and
         {Perets}, Hagai B. and {Portegies Zwart}, Simon F.},
        title = "{Secular dynamics of multiplanet systems: implications for the formation of hot and warm Jupiters via high-eccentricity migration}",
      journal = {\mnras},
     keywords = {gravitation, planets and satellites: dynamical evolution and stability, planet-star interactions, Astrophysics - Earth and Planetary Astrophysics},
         year = "2017",
        month = "Jan",
       volume = {464},
       number = {1},
        pages = {688-701},
          doi = {10.1093/mnras/stw2370},
archivePrefix = {arXiv},
       eprint = {1606.07438},
 primaryClass = {astro-ph.EP},
       adsurl = {https://ui.adsabs.harvard.edu/abs/2017MNRAS.464..688H},
      adsnote = {Provided by the SAO/NASA Astrophysics Data System}
}


@INPROCEEDINGS{Clarke2000,
       author = {{Clarke}, C.~J. and {Bonnell}, I.~A. and {Hillenbrand}, L.~A.},
        title = "{The Formation of Stellar Clusters}",
     keywords = {Astrophysics},
    booktitle = {Protostars and Planets IV},
         year = "2000",
       editor = {{Mannings}, V. and {Boss}, A.~P. and {Russell}, S.~S.},
        month = "May",
        pages = {151},
archivePrefix = {arXiv},
       eprint = {astro-ph/9903323},
 primaryClass = {astro-ph},
       adsurl = {https://ui.adsabs.harvard.edu/abs/2000prpl.conf..151C},
      adsnote = {Provided by the SAO/NASA Astrophysics Data System}
}



@ARTICLE{Mizuno1980,
       author = {{Mizuno}, H.},
        title = "{Formation of the Giant Planets}",
      journal = {Progress of Theoretical Physics},
         year = "1980",
        month = "Aug",
       volume = {64},
       number = {2},
        pages = {544-557},
          doi = {10.1143/PTP.64.544},
       adsurl = {https://ui.adsabs.harvard.edu/abs/1980PThPh..64..544M},
      adsnote = {Provided by the SAO/NASA Astrophysics Data System}
}


@ARTICLE{Bodenheimer1986,
       author = {{Bodenheimer}, P. and {Pollack}, J.~B.},
        title = "{Calculations of the accretion and evolution of giant planets: The effects of solid cores}",
      journal = {\icarus},
     keywords = {Computational Astrophysics, Deposition, Gas Giant Planets, Planetary Cores, Planetary Evolution, Astronomical Models, Gravitational Effects, Protoplanets, Saturn (Planet), Time Dependence, Uranus (Planet), Lunar and Planetary Exploration},
         year = "1986",
        month = "Sep",
       volume = {67},
       number = {3},
        pages = {391-408},
          doi = {10.1016/0019-1035(86)90122-3},
       adsurl = {https://ui.adsabs.harvard.edu/abs/1986Icar...67..391B},
      adsnote = {Provided by the SAO/NASA Astrophysics Data System}
}


@ARTICLE{Cai2019,
       author = {{Cai}, Maxwell X. and {Portegies Zwart}, S. and {Kouwenhoven}, M.~B.~N. and
         {Spurzem}, Rainer},
        title = "{On the survivability of planets in young massive clusters and its implication of planet orbital architectures in globular clusters}",
      journal = {\mnras},
     keywords = {methods: numerical, planets and satellites: dynamical evolution and stability, planets and satellites: formation, globular clusters: general, galaxies: star clusters: general, Astrophysics - Earth and Planetary Astrophysics},
         year = "2019",
        month = "Nov",
       volume = {489},
       number = {3},
        pages = {4311-4321},
          doi = {10.1093/mnras/stz2467},
archivePrefix = {arXiv},
       eprint = {1903.02316},
 primaryClass = {astro-ph.EP},
       adsurl = {https://ui.adsabs.harvard.edu/abs/2019MNRAS.489.4311C},
      adsnote = {Provided by the SAO/NASA Astrophysics Data System}
}



@ARTICLE{Cai2018,
       author = {{Cai}, Maxwell Xu and {Portegies Zwart}, Simon and {van Elteren}, Arjen},
        title = "{The signatures of the parental cluster on field planetary systems}",
      journal = {\mnras},
     keywords = {methods: numerical, planets and satellites: dynamical evolution and stability, galaxies: star clusters: general, Astrophysics - Earth and Planetary Astrophysics, Astrophysics - Astrophysics of Galaxies, Astrophysics - Solar and Stellar Astrophysics},
         year = "2018",
        month = "Mar",
       volume = {474},
       number = {4},
        pages = {5114-5121},
          doi = {10.1093/mnras/stx3064},
archivePrefix = {arXiv},
       eprint = {1711.01274},
 primaryClass = {astro-ph.EP},
       adsurl = {https://ui.adsabs.harvard.edu/abs/2018MNRAS.474.5114C},
      adsnote = {Provided by the SAO/NASA Astrophysics Data System}
}


@ARTICLE{Cai2017,
       author = {{Cai}, Maxwell Xu and {Kouwenhoven}, M.~B.~N. and
         {Portegies Zwart}, Simon F. and {Spurzem}, Rainer},
        title = "{Stability of multiplanetary systems in star clusters}",
      journal = {\mnras},
     keywords = {methods: numerical, planets and satellites: dynamical evolution and stability, planets and satellites: formation, galaxies: star clusters: general, Astrophysics - Earth and Planetary Astrophysics, Astrophysics - Solar and Stellar Astrophysics},
         year = "2017",
        month = "Oct",
       volume = {470},
       number = {4},
        pages = {4337-4353},
          doi = {10.1093/mnras/stx1464},
archivePrefix = {arXiv},
       eprint = {1706.03789},
 primaryClass = {astro-ph.EP},
       adsurl = {https://ui.adsabs.harvard.edu/abs/2017MNRAS.470.4337C},
      adsnote = {Provided by the SAO/NASA Astrophysics Data System}
}




@ARTICLE{Boley2012,
       author = {{Boley}, Aaron C. and {Payne}, Matthew J. and {Ford}, Eric B.},
        title = "{Interactions between Moderate- and Long-period Giant Planets: Scattering Experiments for Systems in Isolation and with Stellar Flybys}",
      journal = {\apj},
     keywords = {open clusters and associations: general, planetary systems, planets and satellites: dynamical evolution and stability, planet-star interactions, Astrophysics - Earth and Planetary Astrophysics},
         year = "2012",
        month = "Jul",
       volume = {754},
       number = {1},
          eid = {57},
        pages = {57},
          doi = {10.1088/0004-637X/754/1/57},
archivePrefix = {arXiv},
       eprint = {1204.5187},
 primaryClass = {astro-ph.EP},
       adsurl = {https://ui.adsabs.harvard.edu/abs/2012ApJ...754...57B},
      adsnote = {Provided by the SAO/NASA Astrophysics Data System}
}




@ARTICLE{vanelteren2019,
       author = {{van Elteren}, A. and {Portegies Zwart}, S. and {Pelupessy}, I. and
         {Cai}, M.~X. and {McMillan}, S.~L.~W.},
        title = "{Survivability of planetary systems in young and dense star clusters}",
      journal = {\aap},
     keywords = {methods: numerical, planets and satellites: dynamical evolution and stability, planet-star interactions, gravitation, Astrophysics - Solar and Stellar Astrophysics, Astrophysics - Earth and Planetary Astrophysics},
         year = "2019",
        month = "Apr",
       volume = {624},
          eid = {A120},
        pages = {A120},
          doi = {10.1051/0004-6361/201834641},
archivePrefix = {arXiv},
       eprint = {1902.04652},
 primaryClass = {astro-ph.SR},
       adsurl = {https://ui.adsabs.harvard.edu/abs/2019A&A...624A.120V},
      adsnote = {Provided by the SAO/NASA Astrophysics Data System}
}




@ARTICLE{Flammini2019,
       author = {{Flammini Dotti}, Francesco and {Kouwenhoven}, M.~B.~N. and
         {Cai}, Maxwell Xu and {Spurzem}, Rainer},
        title = "{Planetary systems in a star cluster I: the Solar system scenario}",
      journal = {\mnras},
     keywords = {planetary systems, stars: solar-type, stars: statistics, galaxy: stellar content, Astrophysics - Earth and Planetary Astrophysics, Astrophysics - Solar and Stellar Astrophysics},
         year = "2019",
        month = "Oct",
       volume = {489},
       number = {2},
        pages = {2280-2297},
          doi = {10.1093/mnras/stz2346},
archivePrefix = {arXiv},
       eprint = {1908.07747},
 primaryClass = {astro-ph.EP},
       adsurl = {https://ui.adsabs.harvard.edu/abs/2019MNRAS.489.2280F},
      adsnote = {Provided by the SAO/NASA Astrophysics Data System}
}



@ARTICLE{Scalo1979,
       author = {{Miller}, G.~E. and {Scalo}, J.~M.},
        title = "{The Initial Mass Function and Stellar Birthrate in the Solar Neighborhood}",
      journal = {\apjs},
     keywords = {Cosmology, Solar System, Stellar Evolution, Stellar Mass, Gas Density, Main Sequence Stars, Milky Way Galaxy, Nuclear Fusion, Planetary Nebulae, Stellar Luminosity, Stellar Mass Accretion, Stellar Mass Ejection, Supernovae, White Dwarf Stars, Astrophysics},
         year = "1979",
        month = "Nov",
       volume = {41},
        pages = {513},
          doi = {10.1086/190629},
       adsurl = {https://ui.adsabs.harvard.edu/abs/1979ApJS...41..513M},
      adsnote = {Provided by the SAO/NASA Astrophysics Data System}
}

@ARTICLE{leigh12,
       author = {{Leigh}, Nathan and {Geller}, Aaron M.},
        title = "{Small-N collisional dynamics: pushing into the realm of not-so-small N}",
      journal = {\mnras},
     keywords = {scattering, gravitation, methods: statistical, celestial mechanics, binaries: close, Astrophysics - Solar and Stellar Astrophysics, Physics - Classical Physics},
         year = "2012",
        month = "Sep",
       volume = {425},
       number = {3},
        pages = {2369-2377},
          doi = {10.1111/j.1365-2966.2012.21689.x},
archivePrefix = {arXiv},
       eprint = {1207.2469},
 primaryClass = {astro-ph.SR},
       adsurl = {https://ui.adsabs.harvard.edu/abs/2012MNRAS.425.2369L},
      adsnote = {Provided by the SAO/NASA Astrophysics Data System}
}

@ARTICLE{leigh15,
       author = {{Leigh}, Nathan W.~C. and {Geller}, Aaron M.},
        title = "{Small-N collisional dynamics - II. Roaming the realm of not-so-small-N}",
      journal = {\mnras},
     keywords = {gravitation, scattering, methods: analytical, binaries: close, stars: kinematics and dynamics, globular clusters: general, Astrophysics - Solar and Stellar Astrophysics},
         year = "2015",
        month = "Jun",
       volume = {450},
       number = {2},
        pages = {1724-1731},
          doi = {10.1093/mnras/stv685},
archivePrefix = {arXiv},
       eprint = {1503.07876},
 primaryClass = {astro-ph.SR},
       adsurl = {https://ui.adsabs.harvard.edu/abs/2015MNRAS.450.1724L},
      adsnote = {Provided by the SAO/NASA Astrophysics Data System}
}

@ARTICLE{Meibom2015,
       author = {{Meibom}, S{\o}ren and {Barnes}, Sydney A. and {Platais}, Imants and
         {Gilliland}, Ronald L. and {Latham}, David W. and {Mathieu}, Robert D.},
        title = "{A spin-down clock for cool stars from observations of a 2.5-billion-year-old cluster}",
      journal = {\nat},
     keywords = {Astrophysics - Solar and Stellar Astrophysics},
         year = "2015",
        month = "Jan",
       volume = {517},
       number = {7536},
        pages = {589-591},
          doi = {10.1038/nature14118},
archivePrefix = {arXiv},
       eprint = {1501.05651},
 primaryClass = {astro-ph.SR},
       adsurl = {https://ui.adsabs.harvard.edu/abs/2015Natur.517..589M},
      adsnote = {Provided by the SAO/NASA Astrophysics Data System}
}



@ARTICLE{Bathala2013,
       author = {{Batalha}, Natalie M. and {Rowe}, Jason F. and {Bryson}, Stephen T. and
         {Barclay}, Thomas and {Burke}, Christopher J. and
         {Caldwell}, Douglas A. and {Christiansen}, Jessie L. and
         {Mullally}, Fergal and {Thompson}, Susan E. and {Brown}, Timothy M. and
         {Dupree}, Andrea K. and {Fabrycky}, Daniel C. and {Ford}, Eric B. and
         {Fortney}, Jonathan J. and {Gilliland}, Ronald L. and
         {Isaacson}, Howard and {Latham}, David W. and {Marcy}, Geoffrey W. and
         {Quinn}, Samuel N. and {Ragozzine}, Darin and {Shporer}, Avi and
         {Borucki}, William J. and {Ciardi}, David R. and
         {Gautier}, Thomas N., III and {Haas}, Michael R. and {Jenkins}, Jon M. and
         {Koch}, David G. and {Lissauer}, Jack J. and {Rapin}, William and
         {Basri}, Gibor S. and {Boss}, Alan P. and {Buchhave}, Lars A. and
         {Carter}, Joshua A. and {Charbonneau}, David and
         {Christensen-Dalsgaard}, Joergen and {Clarke}, Bruce D. and
         {Cochran}, William D. and {Demory}, Brice-Olivier and
         {Desert}, Jean-Michel and {Devore}, Edna and {Doyle}, Laurance R. and
         {Esquerdo}, Gilbert A. and {Everett}, Mark and {Fressin}, Francois and
         {Geary}, John C. and {Girouard}, Forrest R. and {Gould}, Alan and
         {Hall}, Jennifer R. and {Holman}, Matthew J. and {Howard}, Andrew W. and
         {Howell}, Steve B. and {Ibrahim}, Khadeejah A. and {Kinemuchi}, Karen and
         {Kjeldsen}, Hans and {Klaus}, Todd C. and {Li}, Jie and
         {Lucas}, Philip W. and {Meibom}, S{\o}ren and {Morris}, Robert L. and
         {Pr{\v{s}}a}, Andrej and {Quintana}, Elisa and {Sanderfer}, Dwight T. and
         {Sasselov}, Dimitar and {Seader}, Shawn E. and {Smith}, Jeffrey C. and
         {Steffen}, Jason H. and {Still}, Martin and {Stumpe}, Martin C. and
         {Tarter}, Jill C. and {Tenenbaum}, Peter and {Torres}, Guillermo and
         {Twicken}, Joseph D. and {Uddin}, Kamal and {Van Cleve}, Jeffrey and
         {Walkowicz}, Lucianne and {Welsh}, William F.},
        title = "{Planetary Candidates Observed by Kepler. III. Analysis of the First 16 Months of Data}",
      journal = {\apjs},
     keywords = {catalogs, eclipses, planetary systems, space vehicles, techniques: photometric, Astrophysics - Earth and Planetary Astrophysics},
         year = "2013",
        month = "Feb",
       volume = {204},
       number = {2},
          eid = {24},
        pages = {24},
          doi = {10.1088/0067-0049/204/2/24},
archivePrefix = {arXiv},
       eprint = {1202.5852},
 primaryClass = {astro-ph.EP},
       adsurl = {https://ui.adsabs.harvard.edu/abs/2013ApJS..204...24B},
      adsnote = {Provided by the SAO/NASA Astrophysics Data System}
}

@ARTICLE{leigh11,
       author = {{Leigh}, Nathan and {Sills}, Alison},
        title = "{An analytic technique for constraining the dynamical origins of multiple star systems containing merger products}",
      journal = {\mnras},
     keywords = {stars: blue stragglers, galaxies: star clusters, stars: binaries, Astrophysics - Solar and Stellar Astrophysics},
         year = "2011",
        month = "Feb",
       volume = {410},
       number = {4},
        pages = {2370-2384},
          doi = {10.1111/j.1365-2966.2010.17609.x},
archivePrefix = {arXiv},
       eprint = {1009.0461},
 primaryClass = {astro-ph.SR},
       adsurl = {https://ui.adsabs.harvard.edu/abs/2011MNRAS.410.2370L},
      adsnote = {Provided by the SAO/NASA Astrophysics Data System}
}

@ARTICLE{meibom18,
       author = {{Esselstein}, Rebecca and {Aigrain}, Suzanne and {Vanderburg}, Andrew and
         {Smith}, Jeffrey C. and {Meibom}, Soren and {Van Saders}, Jennifer and
         {Mathieu}, Robert},
        title = "{The K2 M67 Study: Establishing the Limits of Stellar Rotation Period Measurements in M67 with K2 Campaign 5 Data}",
      journal = {\apj},
     keywords = {methods: data analysis, open clusters and associations: individual: M67, stars: rotation, stars: solar-type, techniques: photometric, Astrophysics - Solar and Stellar Astrophysics},
         year = "2018",
        month = "Jun",
       volume = {859},
       number = {2},
          eid = {167},
        pages = {167},
          doi = {10.3847/1538-4357/aac20e},
archivePrefix = {arXiv},
       eprint = {1805.09922},
 primaryClass = {astro-ph.SR},
       adsurl = {https://ui.adsabs.harvard.edu/abs/2018ApJ...859..167E},
      adsnote = {Provided by the SAO/NASA Astrophysics Data System}
}



@ARTICLE{DelaFuente1997,
       author = {{de La Fuente Marcos}, C. and {de La Fuente Marcos}, R.},
        title = "{Eccentric giant planets in open star clusters.}",
      journal = {\aap},
     keywords = {CELESTIAL MECHANICS, STELLAR DYNAMICS, PLANETS AND SATELLITES: GENERAL, PLANETARY SYSTEMS, OPEN CLUSTERS AND ASSOCIATIONS: GENERAL},
         year = "1997",
        month = "Oct",
       volume = {326},
        pages = {L21-L24},
       adsurl = {https://ui.adsabs.harvard.edu/abs/1997A&A...326L..21D},
      adsnote = {Provided by the SAO/NASA Astrophysics Data System}
}

@ARTICLE{hut83,
       author = {{Hut}, P. and {Bahcall}, J.~N.},
        title = "{Binary-single star scattering. I - Numerical experiments for equal masses}",
      journal = {\apj},
     keywords = {Binary Stars, Gravitational Effects, Star Distribution, Stellar Mass, Eccentric Orbits, Energy Transfer, Error Analysis, Ionization Cross Sections, Numerical Integration, Scattering, Astrophysics},
         year = "1983",
        month = "May",
       volume = {268},
        pages = {319-341},
          doi = {10.1086/160956},
       adsurl = {https://ui.adsabs.harvard.edu/abs/1983ApJ...268..319H},
      adsnote = {Provided by the SAO/NASA Astrophysics Data System}
}

@ARTICLE{Shara2016,
       author = {{Shara}, Michael M. and {Hurley}, Jarrod R. and {Mardling}, Rosemary A.},
        title = "{Dynamical Interactions Make Hot Jupiters in Open Star Clusters}",
      journal = {\apj},
     keywords = {open clusters and associations: general, planetary systems, planets and satellites: dynamical evolution and stability, planets and satellites: formation, planet─star interactions, stars: kinematics and dynamics, Astrophysics - Earth and Planetary Astrophysics},
         year = "2016",
        month = "Jan",
       volume = {816},
       number = {2},
          eid = {59},
        pages = {59},
          doi = {10.3847/0004-637X/816/2/59},
archivePrefix = {arXiv},
       eprint = {1411.7061},
 primaryClass = {astro-ph.EP},
       adsurl = {https://ui.adsabs.harvard.edu/abs/2016ApJ...816...59S},
      adsnote = {Provided by the SAO/NASA Astrophysics Data System}
}



@ARTICLE{Lodato2005,
       author = {{Lodato}, G. and {Delgado-Donate}, E. and {Clarke}, C.~J.},
        title = "{Constraints on the formation mechanism of the planetary mass companion of 2MASS 1207334-393254}",
      journal = {\mnras},
     keywords = {stars: individual: 2M1207, stars: low mass, brown dwarfs, planetary systems: formation, Astrophysics},
         year = "2005",
        month = "Nov",
       volume = {364},
       number = {1},
        pages = {L91-L95},
          doi = {10.1111/j.1745-3933.2005.00112.x},
archivePrefix = {arXiv},
       eprint = {astro-ph/0509754},
 primaryClass = {astro-ph},
       adsurl = {https://ui.adsabs.harvard.edu/abs/2005MNRAS.364L..91L},
      adsnote = {Provided by the SAO/NASA Astrophysics Data System}
}



@ARTICLE{Adams2001,
       author = {{Adams}, Fred C. and {Laughlin}, Gregory},
        title = "{Constraints on the Birth Aggregate of the Solar System}",
      journal = {\icarus},
     keywords = {Astrophysics},
         year = "2001",
        month = "Mar",
       volume = {150},
       number = {1},
        pages = {151-162},
          doi = {10.1006/icar.2000.6567},
archivePrefix = {arXiv},
       eprint = {astro-ph/0011326},
 primaryClass = {astro-ph},
       adsurl = {https://ui.adsabs.harvard.edu/abs/2001Icar..150..151A},
      adsnote = {Provided by the SAO/NASA Astrophysics Data System}
}

@ARTICLE{Johansen2019,
       author = {{Johansen}, Anders and {Ida}, Shigeru and {Brasser}, Ramon},
        title = "{How planetary growth outperforms migration}",
      journal = {\aap},
     keywords = {planet-disk interactions, planets and satellites: formation, planets and satellites: gaseous planets, Astrophysics - Earth and Planetary Astrophysics},
         year = "2019",
        month = "Feb",
       volume = {622},
          eid = {A202},
        pages = {A202},
          doi = {10.1051/0004-6361/201834071},
archivePrefix = {arXiv},
       eprint = {1811.00523},
 primaryClass = {astro-ph.EP},
       adsurl = {https://ui.adsabs.harvard.edu/abs/2019A&A...622A.202J},
      adsnote = {Provided by the SAO/NASA Astrophysics Data System}
}



@ARTICLE{Kratter2012,
       author = {{Kratter}, Kaitlin M. and {Perets}, Hagai B.},
        title = "{Star Hoppers: Planet Instability and Capture in Evolving Binary Systems}",
      journal = {\apj},
     keywords = {binaries: general, planets and satellites: general, stars: AGB and post-AGB, white dwarfs, Astrophysics - Earth and Planetary Astrophysics, Astrophysics - Solar and Stellar Astrophysics},
         year = "2012",
        month = "Jul",
       volume = {753},
       number = {1},
          eid = {91},
        pages = {91},
          doi = {10.1088/0004-637X/753/1/91},
archivePrefix = {arXiv},
       eprint = {1204.2014},
 primaryClass = {astro-ph.EP},
       adsurl = {https://ui.adsabs.harvard.edu/abs/2012ApJ...753...91K},
      adsnote = {Provided by the SAO/NASA Astrophysics Data System}
}


@ARTICLE{Morales2019,
       author = {{Morales}, J.~C. and {Mustill}, A.~J. and {Ribas}, I. and
         {Davies}, M.~B. and {Reiners}, A. and {Bauer}, F.~F. and
         {Kossakowski}, D. and {Herrero}, E. and {Rodr{\'\i}guez}, E. and
         {L{\'o}pez-Gonz{\'a}lez}, M.~J. and {Rodr{\'\i}guez-L{\'o}pez}, C. and
         {B{\'e}jar}, V.~J.~S. and {Gonz{\'a}lez-Cuesta}, L. and {Luque}, R. and
         {Pall{\'e}}, E. and {Perger}, M. and {Baroch}, D. and {Johansen}, A. and
         {Klahr}, H. and {Mordasini}, C. and {Anglada-Escud{\'e}}, G. and
         {Caballero}, J.~A. and {Cort{\'e}s-Contreras}, M. and {Dreizler}, S. and
         {Lafarga}, M. and {Nagel}, E. and {Passegger}, V.~M. and {Reffert}, S. and
         {Rosich}, A. and {Schweitzer}, A. and {Tal-Or}, L. and {Trifonov}, T. and
         {Zechmeister}, M. and {Quirrenbach}, A. and {Amado}, P.~J. and
         {Guenther}, E.~W. and {Hagen}, H. -J. and {Henning}, T. and
         {Jeffers}, S.~V. and {Kaminski}, A. and {K{\"u}rster}, M. and
         {Montes}, D. and {Seifert}, W. and {Abell{\'a}n}, F.~J. and
         {Abril}, M. and {Aceituno}, J. and {Aceituno}, F.~J. and
         {Alonso-Floriano}, F.~J. and {Ammler-von Eiff}, M. and {Antona}, R. and
         {Arroyo-Torres}, B. and {Azzaro}, M. and {Barrado}, D. and
         {Becerril-Jarque}, S. and {Ben{\'\i}tez}, D. and {Berdi{\~n}as}, Z.~M. and
         {Bergond}, G. and {Brinkm{\"o}ller}, M. and {del Burgo}, C. and
         {Burn}, R. and {Calvo-Ortega}, R. and {Cano}, J. and
         {C{\'a}rdenas}, M.~C. and {Guill{\'e}n}, C. Cardona and {Carro}, J. and
         {Casal}, E. and {Casanova}, V. and {Casasayas-Barris}, N. and
         {Chaturvedi}, P. and {Cifuentes}, C. and {Claret}, A. and
         {Colom{\'e}}, J. and {Czesla}, S. and {D{\'\i}ez-Alonso}, E. and
         {Dorda}, R. and {Emsenhuber}, A. and {Fern{\'a}ndez}, M. and
         {Fern{\'a}ndez-Mart{\'\i}n}, A. and {Ferro}, I.~M. and
         {Fuhrmeister}, B. and {Galad{\'\i}-Enr{\'\i}quez}, D. and
         {Cava}, I. Gallardo and {Vargas}, M.~L. Garc{\'\i}a and
         {Garcia-Piquer}, A. and {Gesa}, L. and {Gonz{\'a}lez-{\'A}lvarez}, E. and
         {Hern{\'a}ndez}, J.~I. Gonz{\'a}lez and {Gonz{\'a}lez-Peinado}, R. and
         {Gu{\`a}rdia}, J. and {Guijarro}, A. and {de Guindos}, E. and
         {Hatzes}, A.~P. and {Hauschildt}, P.~H. and {Hedrosa}, R.~P. and
         {Hermelo}, I. and {Arabi}, R. Hern{\'a}ndez and
         {Otero}, F. Hern{\'a}ndez and {Hintz}, D. and {Holgado}, G. and
         {Huber}, A. and {Huke}, P. and {Johnson}, E.~N. and {de Juan}, E. and
         {Kehr}, M. and {Kemmer}, J. and {Kim}, M. and {Kl{\"u}ter}, J. and
         {Klutsch}, A. and {Labarga}, F. and {Labiche}, N. and {Lalitha}, S. and
         {Lamp{\'o}n}, M. and {Lara}, L.~M. and {Launhardt}, R. and
         {L{\'a}zaro}, F.~J. and {Lizon}, J. -L. and {Llamas}, M. and
         {Lodieu}, N. and {L{\'o}pez del Fresno}, M. and
         {Salas}, J.~F. L{\'o}pez and {L{\'o}pez-Santiago}, J. and
         {Madinabeitia}, H. Mag{\'a}n and {Mall}, U. and {Mancini}, L. and {Mand
        el}, H. and {Marfil}, E. and {Molina}, J.~A. Mar{\'\i}n and
         {Mart{\'\i}n}, E.~L. and {Mart{\'\i}n-Fern{\'a}ndez}, P. and
         {Mart{\'\i}n-Ruiz}, S. and {Mart{\'\i}nez-Rodr{\'\i}guez}, H. and
         {Marvin}, C.~J. and {Mirabet}, E. and {Moya}, A. and {Naranjo}, V. and
         {Nelson}, R.~P. and {Nortmann}, L. and {Nowak}, G. and {Ofir}, A. and
         {Pascual}, J. and {Pavlov}, A. and {Pedraz}, S. and
         {Medialdea}, D. P{\'e}rez and {P{\'e}rez-Calpena}, A. and
         {Perryman}, M.~A.~C. and {Rabaza}, O. and {Ballesta}, A. Ram{\'o}n and
         {Rebolo}, R. and {Redondo}, P. and {Rix}, H. -W. and {Rodler}, F. and
         {Trinidad}, A. Rodr{\'\i}guez and {Sabotta}, S. and {Sadegi}, S. and
         {Salz}, M. and {S{\'a}nchez-Blanco}, E. and
         {Carrasco}, M.~A. S{\'a}nchez and {S{\'a}nchez-L{\'o}pez}, A. and
         {Sanz-Forcada}, J. and {Sarkis}, P. and {Sarmiento}, L.~F. and
         {Sch{\"a}fer}, S. and {Schlecker}, M. and {Schmitt}, J.~H.~M.~M. and
         {Sch{\"o}fer}, P. and {Solano}, E. and {Sota}, A. and {Stahl}, O. and
         {Stock}, S. and {Stuber}, T. and {St{\"u}rmer}, J. and
         {Su{\'a}rez}, J.~C. and {Tabernero}, H.~M. and {Tulloch}, S.~M. and
         {Veredas}, G. and {Vico-Linares}, J.~I. and {Vilardell}, F. and
         {Wagner}, K. and {Winkler}, J. and {Wolthoff}, V. and {Yan}, F. and
         {Osorio}, M.~R. Zapatero},
        title = "{A giant exoplanet orbiting a very-low-mass star challenges planet formation models}",
      journal = {Science},
     keywords = {PLANET SCI; ASTRONOMY, Astrophysics - Earth and Planetary Astrophysics, Astrophysics - Solar and Stellar Astrophysics},
         year = "2019",
        month = "Sep",
       volume = {365},
       number = {6460},
        pages = {1441-1445},
          doi = {10.1126/science.aax3198},
archivePrefix = {arXiv},
       eprint = {1909.12174},
 primaryClass = {astro-ph.EP},
       adsurl = {https://ui.adsabs.harvard.edu/abs/2019Sci...365.1441M},
      adsnote = {Provided by the SAO/NASA Astrophysics Data System}
}


@ARTICLE{Laughlin2004,
       author = {{Laughlin}, Gregory and {Bodenheimer}, Peter and {Adams}, Fred C.},
        title = "{The Core Accretion Model Predicts Few Jovian-Mass Planets Orbiting Red Dwarfs}",
      journal = {\apjl},
     keywords = {Stars: Planetary Systems: Formation, Stars: Planetary Systems: Protoplanetary Disks, Stars: Formation, Astrophysics},
         year = "2004",
        month = "Sep",
       volume = {612},
       number = {1},
        pages = {L73-L76},
          doi = {10.1086/424384},
archivePrefix = {arXiv},
       eprint = {astro-ph/0407309},
 primaryClass = {astro-ph},
       adsurl = {https://ui.adsabs.harvard.edu/abs/2004ApJ...612L..73L},
      adsnote = {Provided by the SAO/NASA Astrophysics Data System}
}


@ARTICLE{Delfosse1998,
       author = {{Delfosse}, X. and {Forveille}, T. and {Mayor}, M. and {Perrier}, C. and
         {Naef}, D. and {Queloz}, D.},
        title = "{The closest extrasolar planet. A giant planet around the M4 dwarf GL 876}",
      journal = {\aap},
     keywords = {GIANT PLANET FORMATION, EXTRASOLAR PLANETS, GIANT PLANETS, M DWARF STARS, Astrophysics},
         year = "1998",
        month = "Oct",
       volume = {338},
        pages = {L67-L70},
archivePrefix = {arXiv},
       eprint = {astro-ph/9808026},
 primaryClass = {astro-ph},
       adsurl = {https://ui.adsabs.harvard.edu/abs/1998A&A...338L..67D},
      adsnote = {Provided by the SAO/NASA Astrophysics Data System}
}


@ARTICLE{Boss2006,
       author = {{Boss}, Alan P.},
        title = "{Rapid Formation of Gas Giant Planets around M Dwarf Stars}",
      journal = {\apj},
     keywords = {Stars: Planetary Systems, Stars: Low-Mass, Brown Dwarfs, Astrophysics},
         year = "2006",
        month = "May",
       volume = {643},
       number = {1},
        pages = {501-508},
          doi = {10.1086/501522},
archivePrefix = {arXiv},
       eprint = {astro-ph/0601486},
 primaryClass = {astro-ph},
       adsurl = {https://ui.adsabs.harvard.edu/abs/2006ApJ...643..501B},
      adsnote = {Provided by the SAO/NASA Astrophysics Data System}
}


@ARTICLE{Miguel2019,
       author = {{Miguel}, Y. and {Cridland}, A. and {Ormel}, C.~W. and {Fortney}, J.~J. and
         {Ida}, S.},
        title = "{Diverse outcomes of planet formation and composition around low-mass stars and brown dwarfs}",
      journal = {\mnras},
     keywords = {planets and satellites: formation, planets and satellites: composition, planets and satellites: general, Astrophysics - Earth and Planetary Astrophysics, Astrophysics - Solar and Stellar Astrophysics},
         year = "2019",
        month = "Oct",
        pages = {2610},
          doi = {10.1093/mnras/stz3007},
archivePrefix = {arXiv},
       eprint = {1909.12320},
 primaryClass = {astro-ph.EP},
       adsurl = {https://ui.adsabs.harvard.edu/abs/2019MNRAS.tmp.2610M},
      adsnote = {Provided by the SAO/NASA Astrophysics Data System}
}

@ARTICLE{Kondo2019,
       author = {{Kondo}, Iona and {Sumi}, Takahiro and {Bennett}, David P. and
         {Udalski}, Andrzej and {Bond}, Ian A. and {Rattenbury}, Nicholas J. and
         {Bozza}, Valerio and {Hirao}, Yuki and {Suzuki}, Daisuke and
         {Koshimoto}, Naoki and {Nagakane}, Masayuki and {Miyazaki}, Shota and
         {Abe}, F. and {Barry}, R. and {Bhattacharya}, A. and {Donachie}, M. and
         {Fukui}, A. and {Fujii}, H. and {Itow}, Y. and {Kamei}, Y. and
         {Li}, M.~C.~A. and {Matsubara}, Y. and {Matsuo}, T. and {Muraki}, Y. and
         {Ranc}, C. and {Shibai}, H. and {Suematsu}, H. and {Sullivan}, D.~J. and
         {Tristram}, P.~J. and {Yamakawa}, T. and {Yonehara}, A. and
         {MOA collaboration} and {Mr{\'o}z}, P. and {Szyma{\'n}ski}, M.~K. and
         {Soszy{\'n}ski}, I. and {Ulaczyk}, K. and {OGLE collaboration}},
        title = "{MOA-bin-29b: A Microlensing Gas-giant Planet Orbiting a Low-mass Host Star}",
      journal = {\aj},
     keywords = {Exoplanets, Gravitational microlensing, Astrophysics - Earth and Planetary Astrophysics},
         year = "2019",
        month = "Dec",
       volume = {158},
       number = {6},
          eid = {224},
        pages = {224},
          doi = {10.3847/1538-3881/ab4e9e},
archivePrefix = {arXiv},
       eprint = {1905.01239},
 primaryClass = {astro-ph.EP},
       adsurl = {https://ui.adsabs.harvard.edu/abs/2019AJ....158..224K},
      adsnote = {Provided by the SAO/NASA Astrophysics Data System}
}


@ARTICLE{Perets2012,
       author = {{Perets}, Hagai B. and {Kouwenhoven}, M.~B.~N.},
        title = "{On the Origin of Planets at Very Wide Orbits from the Recapture of Free Floating Planets}",
      journal = {\apj},
     keywords = {binaries: general, planetary systems, planets and satellites: detection, planets and satellites: dynamical evolution and stability, planets and satellites: formation, stars: kinematics and dynamics, Astrophysics - Earth and Planetary Astrophysics, Astrophysics - Solar and Stellar Astrophysics},
         year = "2012",
        month = "May",
       volume = {750},
       number = {1},
          eid = {83},
        pages = {83},
          doi = {10.1088/0004-637X/750/1/83},
archivePrefix = {arXiv},
       eprint = {1202.2362},
 primaryClass = {astro-ph.EP},
       adsurl = {https://ui.adsabs.harvard.edu/abs/2012ApJ...750...83P},
      adsnote = {Provided by the SAO/NASA Astrophysics Data System}
}


@ARTICLE{Lada2003,
       author = {{Lada}, Charles J. and {Lada}, Elizabeth A.},
        title = "{Embedded Clusters in Molecular Clouds}",
      journal = {\araa},
     keywords = {Astrophysics},
         year = "2003",
        month = "Jan",
       volume = {41},
        pages = {57-115},
          doi = {10.1146/annurev.astro.41.011802.094844},
archivePrefix = {arXiv},
       eprint = {astro-ph/0301540},
 primaryClass = {astro-ph},
       adsurl = {https://ui.adsabs.harvard.edu/abs/2003ARA&A..41...57L},
      adsnote = {Provided by the SAO/NASA Astrophysics Data System}
}

@ARTICLE{deGrijs2009,
       author = {{de Grijs}, Richard},
        title = "{The long-term survival chances of young massive star clusters}",
      journal = {\apss},
     keywords = {Open clusters and associations: general, Galaxies: star clusters, Galaxies: interactions, Magellanic Clouds, Galaxies: starburst},
         year = "2009",
        month = "Dec",
       volume = {324},
       number = {2-4},
        pages = {283-291},
          doi = {10.1007/s10509-009-0100-0},
       adsurl = {https://ui.adsabs.harvard.edu/abs/2009Ap&SS.324..283D},
      adsnote = {Provided by the SAO/NASA Astrophysics Data System}
}

										~